@article{Engel2021,
    author = {Daniel Engel, Maurice Herlihy},
    publisher = {Arlington},
    title = {{Composing Networks of Automated Market Makers}},
    year = {2021}
}
%Daniel Engel, Maurice Herlihy, Composing Networks of Automated Market Makers. Arlington, USA, 2021.
@article{Hashemseresht2022,
    author = {Hashemseresht, Pourponeh},
    publisher = {Iran},
    title = {{Pourponeh Concentrated Liquidity Analysis in Uniswap V3}},
    year = {2022}
}

@article{Guillermo2021,
    author = {Guillermo Angeris, Tarun Chitra, Alex Evans},
    publisher = {USA},
    title = {{Optimal Routing for Constant Function Market Makers}},
    year = {2021}
}

@article{Guillermo2021,
    author = {Bernt Ã˜ksendal},
    publisher = {Universitext},
    title = {{Applied Stochastic Control of Jump Diffusions}},
    year = {2018}
}
%Guillermo Angeris, Tarun Chitra, Alex Evans: Optimal Routing for Constant Function Market Makers, 2021. 
%Hashemseresht, Pourponeh Concentrated Liquidity Analysis in Uniswap V3. Tehran, Iran 2022.